<record><leader>00000cas a2200000 a 4500</leader><controlfield tag="001">12542526</controlfield><controlfield tag="008">850912d19021904ksuwr ne      0    0eng d</controlfield><datafield ind1=" " ind2=" " tag="010"><subfield code="a">sn 85029703 </subfield></datafield><datafield ind1=" " ind2=" " tag="040"><subfield code="a">KSH</subfield><subfield code="b">eng</subfield><subfield code="c">KSH</subfield><subfield code="d">NPT</subfield><subfield code="d">OCL</subfield><subfield code="d">OCLCQ</subfield></datafield><datafield ind1=" " ind2=" " tag="042"><subfield code="a">msc</subfield></datafield><datafield ind1="0" ind2="0" tag="245"><subfield code="a">Republican enterprise.</subfield></datafield><datafield ind1=" " ind2=" " tag="260"><subfield code="a">McCracken, Kan. :</subfield><subfield code="b">Dutton &amp; Hixon,</subfield><subfield code="c">1902-1904.</subfield></datafield><datafield ind1=" " ind2=" " tag="300"><subfield code="a">2 v. :</subfield><subfield code="b">ill. ;</subfield><subfield code="c">64 cm.</subfield></datafield><datafield ind1=" " ind2=" " tag="310"><subfield code="a">Weekly</subfield></datafield><datafield ind1="0" ind2=" " tag="362"><subfield code="a">Vol. 9, no. 30 (May 9, 1902)-v. 11, no. 22 (Mar. 11, 1904).</subfield></datafield><datafield ind1=" " ind2=" " tag="500"><subfield code="a">Published by C.P. Dutton, July 4, 1902-Mar. 11, 1904.</subfield></datafield><datafield ind1=" " ind2=" " tag="752"><subfield code="a">United States</subfield><subfield code="b">Kansas</subfield><subfield code="c">Rush</subfield><subfield code="d">McCracken.</subfield></datafield><datafield ind1="0" ind2="4" tag="780"><subfield code="t">McCracken enterprise (McCracken, Kan. : 1896)</subfield><subfield code="w">(DLC)sn 85029705</subfield></datafield><datafield ind1="0" ind2="4" tag="780"><subfield code="t">McCracken republican</subfield><subfield code="w">(DLC)sn 85029704</subfield></datafield><datafield ind1="0" ind2="0" tag="785"><subfield code="t">McCracken enterprise (McCracken, Kan. : 1904)</subfield><subfield code="w">(DLC)sn 85029702</subfield></datafield><datafield ind1="1" ind2=" " tag="029"><subfield code="a">AU@</subfield><subfield code="b">000022172102</subfield></datafield></record>